<?xml version="1.0" encoding="UTF-8"?><collection xmlns="http://www.loc.gov/MARC21/slim"><record><leader>00384nam--2200133-i-4500</leader><controlfield tag="001">000008650</controlfield><controlfield tag="002">20161230</controlfield><controlfield tag="005">20161230201027</controlfield><controlfield tag="008">060222s1000------------r-----000-0-eng-d</controlfield><datafield ind1=" " ind2=" " tag="100"><subfield code="a">Causer, R., Milner, G.W.C. And Wood, A.J</subfield></datafield><datafield ind1=" " ind2=" " tag="245"><subfield code="a">An improved potentiometric titrator</subfield></datafield><datafield ind1=" " ind2=" " tag="260"><subfield code="a">Harwell, Atomic Energy Research Establishment, 1968. 8 P. + 1 Pl</subfield></datafield><datafield ind1=" " ind2=" " tag="490"><subfield code="a">Aere-r</subfield></datafield><datafield ind1=" " ind2=" " tag="852"><subfield code="a">29780</subfield></datafield></record></collection>